<?xml version="1.0" encoding="utf-8"?>
<record xmlns="http://www.loc.gov/MARC21/slim" xmlns:xsi="http://www.w3.org/2001/XMLSchema-instance" xsi:schemaLocation="http://www.loc.gov/MARC21/slim http://www.loc.gov/standards/marcxml/schema/MARC21slim.xsd">
	<leader>     nam a22        4500</leader>
	<controlfield tag="001">676063</controlfield>
	<controlfield tag="003">NNC</controlfield>
	<controlfield tag="006">m        d        </controlfield>
	<controlfield tag="007">cr cn |||m|||a</controlfield>
	<controlfield tag="008">161117r19801959ir      o     000 0 ara  </controlfield>
	<datafield ind1=" " ind2=" " tag="040">
		<subfield code="a">NNU</subfield>
		<subfield code="b">eng</subfield>
		<subfield code="e">rda</subfield>
		<subfield code="c">NNU</subfield>
	</datafield>
	<datafield ind1="0" ind2="0" tag="050">
		<subfield code="a">BP193.1.A2</subfield>
		<subfield code="b">S5324 1980</subfield>
	</datafield>
	<datafield ind1="1" ind2=" " tag="100">
		<subfield code="6">880-01</subfield>
		<subfield code="a">Ibn Abī al-Ḥadīd, ʻAbd al-Ḥamīd ibn Hibat Allāh,</subfield>
		<subfield code="d">1191-1257 or 1258.</subfield>
	</datafield>
	<datafield ind1="1" ind2="0" tag="245">
		<subfield code="6">880-02</subfield>
		<subfield code="a">Sharḥ Nahj al-balāghah /</subfield>
		<subfield code="c">li-Ibn Abī al-Ḥadīd ; bi-taḥqīq Muḥammad Abū al-Faḍl Ibrāhīm.</subfield>
	</datafield>
	<datafield ind1=" " ind2=" " tag="260">
		<subfield code="6">880-03</subfield>
		<subfield code="a">[Qum] :</subfield>
		<subfield code="b">Muʼassasah-ʼi Maṭbūʻātī-i Ismāʻīlīyān,</subfield>
		<subfield code="c">[1980?]</subfield>
	</datafield>
	<datafield ind1=" " ind2=" " tag="300">
		<subfield code="a">online resource (20 volumes in 10)</subfield>
	</datafield>
	<datafield ind1=" " ind2=" " tag="336">
		<subfield code="a">text</subfield>
		<subfield code="2">rdacontent</subfield>
	</datafield>
	<datafield ind1=" " ind2=" " tag="337">
		<subfield code="a">computer</subfield>
		<subfield code="2">rdamedia</subfield>
	</datafield>
	<datafield ind1=" " ind2=" " tag="338">
		<subfield code="a">online resource</subfield>
		<subfield code="2">rdacarrier</subfield>
	</datafield>
	<datafield ind1=" " ind2=" " tag="500">
		<subfield code="a">Reprint. Originally published: Cairo : ʻĪsá al-Bābī al-Ḥalabī, 1959.</subfield>
	</datafield>
	<datafield ind1=" " ind2=" " tag="500">
		<subfield code="a">Part of the Arabic Collections Online (ACO) project, contributed by Columbia University Libraries.</subfield>
	</datafield>
	<datafield ind1=" " ind2=" " tag="533">
		<subfield code="a">Electronic reproduction.</subfield>
		<subfield code="b">New York, N.Y. :</subfield>
		<subfield code="c">New York University,</subfield>
		<subfield code="d">2016.</subfield>
		<subfield code="5">NNU</subfield>
	</datafield>
	<datafield ind1=" " ind2="0" tag="650">
		<subfield code="a">Hadith (Shiites)</subfield>
		<subfield code="v">Commentaries</subfield>
		<subfield code="v">Early works to 1800.</subfield>
	</datafield>
	<datafield ind1=" " ind2="7" tag="650">
		<subfield code="a">Hadith (Shiites)</subfield>
		<subfield code="2">fast</subfield>
		<subfield code="0">(OCoLC)fst00950138</subfield>
	</datafield>
	<datafield ind1=" " ind2="7" tag="655">
		<subfield code="a">Commentaries.</subfield>
		<subfield code="2">fast</subfield>
		<subfield code="0">(OCoLC)fst01423723</subfield>
	</datafield>
	<datafield ind1=" " ind2="7" tag="655">
		<subfield code="a">Early works.</subfield>
		<subfield code="2">fast</subfield>
		<subfield code="0">(OCoLC)fst01411636</subfield>
	</datafield>
	<datafield ind1="1" ind2=" " tag="700">
		<subfield code="6">880-04</subfield>
		<subfield code="a">Ibrāhīm, Muḥammad Abū al-Faḍl. </subfield>
	</datafield>
	<datafield ind1="1" ind2=" " tag="700">
		<subfield code="6">880-05</subfield>
		<subfield code="a">Sharīf al-Raḍī, Muḥammad ibn al-Ḥusayn,</subfield>
		<subfield code="d">969 or 970-1016.</subfield>
		<subfield code="t">Nahj al-balāghah.</subfield>
	</datafield>
	<datafield ind1="2" ind2=" " tag="710">
		<subfield code="a">Columbia University.</subfield>
		<subfield code="b">Libraries.</subfield>
	</datafield>
	<datafield ind1="0" ind2=" " tag="730">
		<subfield code="a">Arabic Collections Online.</subfield>
	</datafield>
	<datafield ind1="0" ind2="8" tag="776">
		<subfield code="i">Print version:</subfield>
		<subfield code="a">Ibn Abī al-Ḥadīd, ʻAbd al-Ḥamīd ibn Hibat Allāh, 1191-1257 or 1258.</subfield>
		<subfield code="t">Sharḥ Nahj al-balāghah</subfield>
		<subfield code="w">(NNC)676063</subfield>
		<subfield code="w">(DLC)   85931803 </subfield>
		<subfield code="w">(OCoLC)22324785</subfield>
	</datafield>
	<datafield ind1="4" ind2="0" tag="856">
		<subfield code="u">http://hdl.handle.net/2333.1/tht76nqb</subfield>
	</datafield>
	<datafield ind1="1" ind2=" " tag="880">
		<subfield code="6">100-01/r</subfield>
		<subfield code="a">ابن ابي الحديد، عبد الحميد بن هبة الله،</subfield>
		<subfield code="d">1191-1257 or 1258.</subfield>
	</datafield>
	<datafield ind1="1" ind2="0" tag="880">
		<subfield code="6">245-02/r</subfield>
		<subfield code="a">شرح نهج البلاغة /</subfield>
		<subfield code="c">لابن ابي الحديد ؛ بتحقيق محمد ابو الفضل ابراهيم.</subfield>
	</datafield>
	<datafield ind1=" " ind2=" " tag="880">
		<subfield code="6">260-03/r</subfield>
		<subfield code="a">[قم] :</subfield>
		<subfield code="b">مؤسسۀ مطبوعاتى اسماعىليان،</subfield>
		<subfield code="c">[1980؟]</subfield>
	</datafield>
	<datafield ind1="1" ind2=" " tag="880">
		<subfield code="6">700-04/r</subfield>
		<subfield code="a">ابراهيم، محمد ابو الفضل. </subfield>
	</datafield>
	<datafield ind1="1" ind2=" " tag="880">
		<subfield code="6">700-05/r</subfield>
		<subfield code="a">شريف الرضي، محمد بن الحسين،</subfield>
		<subfield code="d">969 or 970-1016.</subfield>
		<subfield code="t">نهج البلاغة.</subfield>
	</datafield>
	<datafield ind1=" " ind2=" " tag="959">
		<subfield code="a">NNU</subfield>
		<subfield code="b">WEB</subfield>
		<subfield code="c">GENI</subfield>
		<subfield code="t">0</subfield>
		<subfield code="m">Electronic access</subfield>
		<subfield code="s">01</subfield>
	</datafield>
	<datafield ind1=" " ind2=" " tag="999">
		<subfield code="i">NNC_676063</subfield>
		<subfield code="o">(OCoLC)ocm22324785</subfield>
		<subfield code="s">columbia_aco002189:(v. 1-2)</subfield>
		<subfield code="s">columbia_aco002190:(v. 3-4)</subfield>
		<subfield code="s">columbia_aco002188:(v. 5-6)</subfield>
		<subfield code="s">columbia_aco002187:(v. 7-8)</subfield>
		<subfield code="s">columbia_aco002186:(v. 9-10)</subfield>
		<subfield code="s">columbia_aco002185:(v. 11-12)</subfield>
		<subfield code="s">columbia_aco002184:(v. 13-14)</subfield>
		<subfield code="s">columbia_aco002183:(v. 15-16)</subfield>
		<subfield code="s">columbia_aco002182:(v. 17-18)</subfield>
		<subfield code="s">columbia_aco002181:(v. 19-20)</subfield>
		<subfield code="e">(ERROR-880)</subfield>
		<subfield code="s">columbia_aco002189:(v. 1-2)</subfield>
		<subfield code="s">columbia_aco002190:(v. 3-4)</subfield>
		<subfield code="s">columbia_aco002188:(v. 5-6)</subfield>
		<subfield code="s">columbia_aco002187:(v. 7-8)</subfield>
		<subfield code="s">columbia_aco002186:(v. 9-10)</subfield>
		<subfield code="s">columbia_aco002185:(v. 11-12)</subfield>
		<subfield code="s">columbia_aco002184:(v. 13-14)</subfield>
		<subfield code="s">columbia_aco002183:(v. 15-16)</subfield>
		<subfield code="s">columbia_aco002182:(v. 17-18)</subfield>
		<subfield code="s">columbia_aco002181:(v. 19-20)</subfield>
	</datafield>
</record>
